% This file was created with JabRef 2.10.
% Encoding: UTF8


@InProceedings{Franz2015,
  Title                    = {Vorlesung 1 - Einführung},
  Author                   = {Prof. Dr. Matthias O. Franz},
  Booktitle                = {Vorlesung Technische Grundlagen der angewandten Informatik},
  Year                     = {2015},

  Owner                    = {Martin},
  Timestamp                = {2014.10.14}
}

@InProceedings{Franz2015a,
  Title                    = {Vorlesung 2 - Sensoren und Messung: Sensoren, Messung, Messgeräte für elektrische Größen},
  Author                   = {Prof. Dr. Matthias O. Franz},
  Booktitle                = {Vorlesung Technische Grundlagen der angewandten Informatik},
  Year                     = {2015},

  Owner                    = {Martin},
  Timestamp                = {2014.10.14}
}

@InProceedings{Franz2015b,
  Title                    = {Vorlesung 3 - Messfehler: Messfehler, Fehlerfortpflanzung, systematische Fehler},
  Author                   = {Prof. Dr. Matthias O. Franz},
  Booktitle                = {Vorlesung Technische Grundlagen der angewandten Informatik},
  Year                     = {2015},

  Owner                    = {Martin},
  Timestamp                = {2014.10.14}
}

@InProceedings{Franz2015c,
  Title                    = {Vorlesung 4 - Signale im Zeit- und Frequenzbereich: Periodische Signale, Signale im Frequenzbereich, wichtige periodische Signale},
  Author                   = {Prof. Dr. Matthias O. Franz},
  Booktitle                = {Vorlesung Technische Grundlagen der angewandten Informatik},
  Year                     = {2015},

  Owner                    = {Martin},
  Timestamp                = {2014.10.14}
}

@InProceedings{Franz2015d,
  Title                    = {Vorlesung 5 - Fourierreihen: Fourierreihen, Fourieranalyse},
  Author                   = {Prof. Dr. Matthias O. Franz},
  Booktitle                = {Vorlesung Technische Grundlagen der angewandten Informatik},
  Year                     = {2015},

  Owner                    = {Martin},
  Timestamp                = {2014.10.14}
}

@InProceedings{Franz2015e,
  Title                    = {Vorlesung 6 - Komplexe Fourierreihen: Negative Frequenzen, komplexe Zahlen und Sinussignale, komplexe Fourierreihe},
  Author                   = {Prof. Dr. Matthias O. Franz},
  Booktitle                = {Vorlesung Technische Grundlagen der angewandten Informatik},
  Year                     = {2015},

  Owner                    = {Martin},
  Timestamp                = {2014.10.14}
}

@InProceedings{Franz2015f,
  Title                    = {Vorlesung 7 - Zeitkontinuierliche Fouriertransformation: Konvergenz von Fourierreihen, Spektren nichtperiodischer Signale, zeitkontinuierliche Fouriertransformation},
  Author                   = {Prof. Dr. Matthias O. Franz},
  Booktitle                = {Vorlesung Technische Grundlagen der angewandten Informatik},
  Year                     = {2015},

  Owner                    = {Martin},
  Timestamp                = {2014.10.14}
}

@InProceedings{Franz2015g,
  Title                    = {Vorlesung 8 - Frequenz-Zeit-Komplementarität: Komplementarität von Zeit und Frequenz, Frequenzmessung, fastperiodische Signale},
  Author                   = {Prof. Dr. Matthias O. Franz},
  Booktitle                = {Vorlesung Technische Grundlagen der angewandten Informatik},
  Year                     = {2015},

  Owner                    = {Martin},
  Timestamp                = {2014.10.14}
}

@InProceedings{Franz2015h,
  Title                    = {Vorlesung 9 - Eigenschaften der Fouriertransformation: Grundlegende Transformationspaare, Symmetrien und Rechenregeln},
  Author                   = {Prof. Dr. Matthias O. Franz},
  Booktitle                = {Vorlesung Technische Grundlagen der angewandten Informatik},
  Year                     = {2015},

  Owner                    = {Martin},
  Timestamp                = {2014.10.14}
}

@InProceedings{Franz2015i,
  Title                    = {Vorlesung 10 - Sprache und Spracherkennung: Kurzzeit-Fouriertransformation, Erzeugung und Wahrnehmung von Sprache, Mustererkennung durch Korrelation},
  Author                   = {Prof. Dr. Matthias O. Franz},
  Booktitle                = {Vorlesung Technische Grundlagen der angewandten Informatik},
  Year                     = {2015},

  Owner                    = {Martin},
  Timestamp                = {2014.10.14}
}

@InProceedings{Franz2015j,
  Title                    = {Vorlesung 11 - Lineare Systeme: Lineare und nichtlineare Systeme, elementare lineare Systeme, Frequenzgang},
  Author                   = {Prof. Dr. Matthias O. Franz},
  Booktitle                = {Vorlesung Technische Grundlagen der angewandten Informatik},
  Year                     = {2015},

  Owner                    = {Martin},
  Timestamp                = {2014.10.14}
}

@InProceedings{Franz2015k,
  Title                    = {Vorlesung 12 - Systemanalyse: Systemanalyse, moderne Testsignale, Impulsantwort},
  Author                   = {Prof. Dr. Matthias O. Franz},
  Booktitle                = {Vorlesung Technische Grundlagen der angewandten Informatik},
  Year                     = {2015},

  Owner                    = {Martin},
  Timestamp                = {2014.10.14}
}

@InProceedings{Franz2015l,
  Title                    = {Vorlesung 13 - Filter: Faltung, Filterung},
  Author                   = {Prof. Dr. Matthias O. Franz},
  Booktitle                = {Vorlesung Technische Grundlagen der angewandten Informatik},
  Year                     = {2015},

  Owner                    = {Martin},
  Timestamp                = {2014.10.14}
}

@InProceedings{Franz2015m,
  Title                    = {Vorlesung 14 - Digitalisierung: Analog-Digital-Wandlung, Abtastung, Aliasing},
  Author                   = {Prof. Dr. Matthias O. Franz},
  Booktitle                = {Vorlesung Technische Grundlagen der angewandten Informatik},
  Year                     = {2015},

  Owner                    = {Martin},
  Timestamp                = {2014.10.14}
}

@InProceedings{Franz2015n,
  Title                    = {Vorlesung 15 - Diskrete Fouriertransformation: diskrete Sinusschwingungen, diskrete Fourierreihe, DFT Datei},
  Author                   = {Prof. Dr. Matthias O. Franz},
  Booktitle                = {Vorlesung Technische Grundlagen der angewandten Informatik},
  Year                     = {2015},

  Owner                    = {Martin},
  Timestamp                = {2014.10.14}
}

@InProceedings{Franz2015o,
  Title                    = {Vorlesung 16 - Digitale Filter: diskrete Faltung, zeitdiskrete Filter, Filterdesign},
  Author                   = {Prof. Dr. Matthias O. Franz},
  Booktitle                = {Vorlesung Technische Grundlagen der angewandten Informatik},
  Year                     = {2015},

  Owner                    = {Martin},
  Timestamp                = {2014.10.14}
}

@InProceedings{Franz2015p,
  Title                    = {Anleitung zu Versuch 3: Fourieranalyse und Akustik Datei},
  Author                   = {Prof. Dr. Matthias O. Franz},
  Booktitle                = {Vorlesung Technische Grundlagen der angewandten Informatik},
  Year                     = {2015},

  Owner                    = {Martin},
  Timestamp                = {2014.10.14}
}

@InProceedings{Franz2015q,
  Title                    = {Anleitung zu Versuch 1: Aufbau, Kalibrierung und Einsatz eines einfachen Entfernungsmessers},
  Author                   = {Prof. Dr. Matthias O. Franz},
  Booktitle                = {Vorlesung Technische Grundlagen der angewandten Informatik},
  Year                     = {2015},

  Owner                    = {Martin},
  Timestamp                = {2014.10.14}
}

@InProceedings{Franz2015r,
  Title                    = {Anleitung zu Versuch 2: Kalibrierung von digitalen Kameras Datei},
  Author                   = {Prof. Dr. Matthias O. Franz},
  Booktitle                = {Vorlesung Technische Grundlagen der angewandten Informatik},
  Year                     = {2015},

  Owner                    = {Martin},
  Timestamp                = {2014.10.21}
}

@InProceedings{Franz2015s,
  Title                    = {Anleitung zu Versuch 5: Digitalisierung},
  Author                   = {Prof. Dr. Matthias O. Franz},
  Booktitle                = {Vorlesung Technische Grundlagen der angewandten Informatik},
  Year                     = {2015},

  Owner                    = {Martin},
  Timestamp                = {2014.10.14}
}

@InProceedings{Franz2015t,
  Title                    = {Anleitung zu Versuch 4: Aufbau eines einfachen Spracherkenners Datei},
  Author                   = {Prof. Dr. Matthias O. Franz},
  Booktitle                = {Vorlesung Technische Grundlagen der angewandten Informatik},
  Year                     = {2015},

  Owner                    = {Martin},
  Timestamp                = {2014.10.14}
}

